
@online{dr.darrellr.schragDevOpsShiftLeft2016,
  title = {{{DevOps}}: {{Shift Left}} to {{Reduce Failure}}},
  shorttitle = {{{DevOps}}},
  author = {{Dr. Darrell R. Schrag}},
  date = {2016-06-02T07:00:44+00:00},
  url = {https://devops.com/devops-shift-left-avoid-failure/},
  urldate = {2021-09-04},
  abstract = {DevOps is all about increasing the feedback loop from idea to customer and back again. Tremendous gains have been achieved in automation and tools to},
  langid = {american},
  organization = {{DevOps.com}},
  file = {/Users/tobiaskiehnlein/Zotero/storage/DU98FFM6/devops-shift-left-avoid-failure.html}
}

@online{invictiInvictiAppSecIndicator2021,
  title = {The {{Invicti AppSec Indicator Spring}} 2021 {{Edition}}: {{Acunetix Web Vulnerability Report}}},
  shorttitle = {The {{Invicti AppSec Indicator Spring}} 2021 {{Edition}}},
  author = {Invicti},
  date = {2021},
  url = {https://www.acunetix.com/white-papers/acunetix-web-application-vulnerability-report-2021/},
  urldate = {2021-09-04},
  abstract = {We’ve created the Invicti AppSec Indicator to bring you useful data and insights about the state of web application security and how security pros are addressing the challenges in an increasingly complex landscape. The Indicator will draw on anonymized data from our products, market research, and insights collected from our customers, partners, and the industry.},
  langid = {american},
  organization = {{Acunetix}},
  file = {/Users/tobiaskiehnlein/Zotero/storage/IKNMLGQM/acunetix-web-application-vulnerability-report-2021.html}
}

@online{SuccessfulGitBranching,
  title = {A Successful {{Git}} Branching Model},
  url = {http://nvie.com/posts/a-successful-git-branching-model/},
  urldate = {2021-09-08},
  abstract = {In this post I present a Git branching strategy for developing and releasing software as I’ve used it in many of my projects, and which has turned out to be very successful.},
  langid = {english},
  organization = {{nvie.com}},
  file = {/Users/tobiaskiehnlein/Zotero/storage/SSTHPFS3/a-successful-git-branching-model.html}
}

@online{UnderstandingGitHubFlow,
  title = {Understanding the {{GitHub}} Flow · {{GitHub Guides}}},
  url = {https://guides.github.com/introduction/flow/},
  urldate = {2021-09-08},
  file = {/Users/tobiaskiehnlein/Zotero/storage/AVICXA2W/flow.html}
}


